../source/formation-latex-ul.bib